2499 3442
581 438 1242 504 VNIVERSITATIS
1281 438 1866 503 LITTERARIAE

810 579 1211 631 FRmERIcAE
1250 565 1635 629 GVILELMAE

387 665 1015 806 'RECTOR
1073 719 1257 805 ET
1319 717 2052 805 SENATVS.

135 936 320 1038 Cum
358 984 663 1044 prooemiandi
701 986 929 1029 materiam
963 985 1425 1043 circumspiceremus,
1467 1000 1555 1042 qua
1587 983 1819 1041 qommode
1852 984 2044 1041 praefari
2076 983 2295 1028 indicibus

152 1065 399 1117 lectionum
431 1064 782 1109 academicarum
811 1080 893 1122 per
923 1065 1167 1123 proximam
1199 1064 1388 1108 hiemem
1421 1063 1726 1109 habendarum
1757 1079 2015 1122 possemus,
2053 1064 2100 1107 in
2131 1078 2297 1108 memo-

157 1144 270 1190 riam
316 1142 527 1205 rediimus
577 1143 682 1187 olim
723 1158 750 1187 a
788 1143 919 1188 nobis
959 1143 1203 1188 studiosius
1243 1148 1460 1187 tractatae
1499 1143 1550 1186 T.
1594 1142 1712 1186 Livii
1755 1142 1981 1186 annalium
2022 1143 2160 1201 partis
2202 1143 2297 1186 eius

157 1236 293 1281 quam
337 1221 480 1265 unicis
529 1222 800 1266 membranis
846 1221 1160 1265 vetustissimis
1200 1221 1650 1265 Laurishamensibus
1692 1216 1918 1279 quondam
1964 1236 2082 1265 nunc
2124 1220 2298 1264 Vindo-

157 1300 433 1346 bonensibus
474 1305 706 1359 acceptam
744 1299 987 1344 referimus.
1051 1298 1335 1343 Admonebat
1372 1301 1507 1343 etiam
1548 1299 1725 1344 libellus
1765 1306 1860 1343 tum
1899 1300 2088 1343 maxime
2126 1298 2183 1342 ad
2214 1313 2297 1342 nos

153 1378 381 1439 perlatus,
437 1392 525 1434 quo
572 1376 834 1435 disciplinae
871 1376 1237 1421 Vindobonensis
1278 1378 1482 1427 alumnus
1526 1392 1652 1421 orsus
1695 1392 1721 1420 a
1762 1378 1929 1421 codicis
1971 1378 2300 1434 subscriptione

154 1457 258 1501 eius
288 1456 393 1501 libri
423 1455 656 1500 historiam
687 1461 919 1513 pertexere
951 1462 1196 1512 exactaque
1229 1461 1435 1500 accurate
1468 1456 1722 1513 scriptionis
1754 1456 1903 1513 specie
1934 1453 1982 1500 et
2012 1462 2171 1499 natura
2202 1470 2301 1499 ora-

158 1526 296 1579 tionis
333 1533 552 1578 Livianae
595 1533 948 1603 emeffltionem
985 1533 1197 1592 adiuvare
1236 1549 1317 1593 pro
1356 1534 1471 1577 virili
1508 1539 1636 1591 parte
1676 1533 2086 1593 aggrediebatur‘).
2159 1532 2300 1578 Cuius

140 1600 294 1666 -docti'
323 1613 497 1656 iuvenis
537 1618 588 1655 ut
626 1610 822 1656 studium
859 1612 1028 1656 utiliter
1056 1600 1336 1656 ‘collocatum
1378 1612 1670 1657 laudabamus
1702 1612 2057 1669 indefessamque
2088 1613 2136 1654 in
2166 1612 2300 1657 rebus

159 1691 468 1741 minutissimis
511 1690 784 1749 diligentiam
824 1690 1163 1746 admirabamur,
1202 1691 1266 1735 ita
1301 1691 1413 1735 locis
1445 1691 1556 1749 ipsis
1595 1691 1756 1748 quibus
1789 1690 1958 1735 mederi
1990 1691 2130 1748 cupiit
2165 1691 2299 1747 paulo

156 1769 377 1814 intentius
409 1768 664 1827 exploratis,
700 1785 755 1812 ex
786 1768 855 1813 his
888 1767 1272 1825 disquisitionibus
1305 1768 1546 1828 graphicis,
1579 1784 1713 1828 saepe
1745 1768 1980 1813 fallacibus
2011 1768 2099 1814 nisi
2130 1768 2301 1813 ratione

155 1853 386 1907 regantur,
432 1846 732 1891 emendationi
771 1846 948 1910 quidem
986 1861 1077 1890 non
1118 1847 1182 1890 ita
1221 1847 1410 1890 multum
1450 1847 1656 1892 utilitatis
1697 1847 1947 1891 accrevisse
1986 1847 2115 1891 nobis
2156 1847 2303 1891 >visum

159 1932 241 1971 est.
291 1926 445 1984 Atque
477 1926 656 1969 omnino
688 1925 752 1969 ita
783 1925 1011 1979 sentimus,
1043 1925 1128 1968 etsi
1160 1924 1247 1968 hoc
1279 1940 1421 1984 genus
1453 1941 1600 1980 omne,
1633 1926 1875 1984 scriptione
1908 1925 2030 1983 quod
2051 1926 2304 1969 continetur

159 2005 323 2062 cuique
354 2004 716 2048 doctissimorum
748 2003 1026 2060 quorundam
1058 2018 1164 2046 cura
1194 2003 1328 2047 hodie
1359 2004 1579 2062 insignior
1609 2004 1759 2048 dicata
1789 2011 1871 2059 est,
1905 2020 1994 2047 non
2016 2005 2197 2062 impune
2219 2018 2303 2047 nec

160 2083 258 2127 sine
274 2082 556 2128 ,detrimento
589 2083 697 2125 artis
729 2082 879 2140 sperni
910 2097 937 2124 a
967 2082 1132 2125 criticis
1165 2088 1369 2139 apparet,
1402 2088 1552 2126 tamen
1585 2083 1841 2126 cavendum
1866 2098 1963 2126 esse
1995 2097 2052 2125 ne
2089 2081 2302 2126 rimandis

159 2161 408 2205 litterarum
446 2161 648 2219 apicibus
693 2177 978 2218 errorumque
1019 2161 1101 2205 viis
1141 2159 1407 2219 indagandis
1442 2160 1649 2219 occupati
1680 2177 1857 2205 sensum
1890 2158 2106 2205 sermonis
2138 2161 2301 2205 veteris

155 2238 404 2284 hebescere
442 2240 663 2297 patiamur
700 2239 1066 2296 librariorumque
1105 2238 1209 2283 dum
1254 2254 1430 2282 causam
1476 2239 1647 2297 agimus
1692 2239 1872 2298 ingenio
1919 2239 2186 2296 scriptorum
2230 2239 2299 2283 in-

158 2317 319 2361 iuriam
357 2317 585 2361 faciamus.
657 2316 793 2373 Quod
831 2333 922 2360 non
963 2316 1173 2375 carpendi
1214 2323 1292 2360 aut
1331 2316 1543 2361 laboriosi
1584 2317 1731 2374 operis
1772 2316 1981 2362 laudibus
2021 2315 2301 2361 detrectandi

161 2410 298 2439 causa
337 2396 570 2452 ponimus,
612 2395 692 2440 sed
731 2394 1022 2449 admonendi,
1064 2395 1102 2439 si
1140 2394 1216 2451 qui
1253 2394 1367 2438 forte
1407 2395 1541 2453 gnavi
1584 2393 1894 2439 adulescentes
1926 2395 1972 2438 in
2005 2394 2137 2439 simili
2167 2409 2304 2453 argu-

160 2479 312 2518 mento
352 2473 580 2518 elaborare
612 2473 772 2517 velint:
814 2489 960 2530 neque
1001 2489 1096 2517 eam
1136 2488 1254 2516 nunc
1293 2473 1557 2516 sententiam
1599 2473 1813 2531 exemplis
1845 2480 1922 2516 aut
1954 2488 2010 2515 ex
2039 2472 2117 2516 illo
2149 2472 2303 2516 libello

160 2552 315 2611 petitis
348 2556 427 2595 aut
458 2567 513 2596 ex
544 2551 642 2596 aliis
674 2551 900 2596 declarare
932 2552 1103 2596 animus
1137 2558 1227 2606 est,
1259 2549 1338 2594 sed
1369 2550 1587 2595 malumus
1618 2551 1863 2609 periclitari
1893 2551 2001 2610 ipsi,
2036 2551 2075 2595 si
2106 2550 2216 2609 quid
2247 2549 2306 2595 ad

160 2628 480 2675 stabiliendum
519 2636 597 2674 aut
628 2629 940 2689 corrigendum
971 2630 1127 2673 horum
1157 2629 1371 2672 librorum
1402 2629 1550 2672 locum
1583 2644 1720 2672 unum
1752 2636 1886 2686 atque
1917 2629 2106 2673 alterum
2137 2628 2307 2673 utiliter

157 2709 366 2758 ‚conferre
407 2709 658 2767 contigerit.
721 2709 839 2751 Nam
880 2723 980 2751 cum
1020 2724 1170 2750 eorum
1208 2707 1562 2750 emendationem
1593 2707 1851 2765 Madvigius
1881 2708 2114 2764 praeclare
2145 2706 2306 2750 fimda-

162 2787 279 2836 verit
309 2792 357 2831 et
387 2787 575 2842 auxerit,
608 2792 652 2830 et
682 2793 789 2843 post
809 2785 1087 2844 Madvigium
1107 2785 1335 2840 Hertzius‚
1355 2785 1753 2830 Weissenbornius
1785 2802 1876 2829 non
1907 2785 2067 2830 leviter
2088 2800 2303 2843 provexe-

98 2870 120 2893 ’ν
159 2863 275 2921 rint,
314 2869 465 2909 tamen
501 2869 673 2909 restant
709 2863 924 2908 nonnulla
963 2863 1093 2909 etiam
1131 2869 1309 2921 praeter
1347 2862 1584 2923 desperata
1615 2862 1783 2909 codicis
1815 2864 1926 2909 vitio
1959 2877 2074 2922 quae
2106 2862 2306 2908 criticam

369 3042 401 3089 Ἴ
438 3047 495 3082 De
528 3045 648 3082 codice
680 3048 828 3082 Liviano
860 3048 1092 3082 vetustissimo
1119 3047 1394 3081 Vindobonensi.
1454 3047 1601 3092 Scripsit
1632 3047 1787 3082 Michael
1821 3047 2005 3083 Gitlbsuer
2038 3046 2125 3082 Can.
2159 3056 2229 3091 reg.
2262 3046 2311 3080 ad

156 3102 206 3161 βξ
228 3109 399 3154 Floriani.
437 3110 670 3144 vindobonae
695 3120 932 3145 mcccuxvx.
