2499 3442
6 441 13 450 e
48 432 60 467 ξ
85 434 89 438 r
122 476 125 479 ’
169 473 269 515 tum
301 481 355 511 ac
385 481 529 527 paene
553 471 829 525 oppressum
859 465 1085 525 fugerint.
1119 463 1178 512 Id
1210 461 1346 524 quod
1364 479 1464 511 ιιοιι
1485 464 1551 508 ita
1577 462 1773 525 intelligi
1789 458 2014 518 volumus
2025 461 2175 530 qnasi

147 302 151 305 x
170 221 443 294 videbantur
460 179 635 323 rursus
637 235 693 277 ιιι
711 198 797 276 Βι·
784 245 833 276 ιιι
854 229 1184 282 dubitationem
1201 216 1368 278 vocat-⁴
1382 177 1510 299 suuis·
1525 282 1610 319 A?
1640 290 1645 293 .
1666 276 1698 289 .,

173 363 391 435 editorem
432 387 587 433 multis
627 366 761 433 simul
800 387 920 432 curis
953 392 1000 432 et
1031 355 1404 448 cogitationibus
1416 386 1467 430 ιιι
1493 365 1672 446 probro
1701 365 1966 449 praesertim
1986 394 2136 468 opere

172 544 283 591 talia
315 545 413 590 esse
453 543 724 600 sentiamus,
765 558 881 602 quae
921 558 1005 588 nec
1034 542 1178 587 multa
1208 549 1315 588 sunt
1344 557 1435 594 neo
1461 541 1618 604 gravia
1647 556 1732 587 nec
1750 539 2046 588 dubitatione
2077 521 2408 594 ommi-*310⁶

174 629 349 683 empta,
383 622 465 669 sed
495 629 567 678 ut,
598 621 805 668 discussa
835 637 952 666 vana
982 620 1191 681 opinione
1223 636 1389 665 eorum
1408 620 1447 665 si
1478 620 1557 680 qui
1586 607 1814 680 tamquam
1845 622 1982 679 opere
2012 611 2226 692 perfecto
2243 623 2378 696 ιαμι

132 755 135 757 ,
172 701 286 745 nihil
322 706 495 745 restare
531 701 776 759 opinantur
813 701 901 744 nisi
940 706 995 755 ut
1030 699 1301 761 compressis
1340 699 1550 744 manibus
1586 698 1899 769 admirabundi
1925 687 2236 769 assideamus,
2275 691 2355 765 ad
2395 695 2412 744 s

172 779 292 824 hanc
330 795 422 824 rem
463 783 647 824 strenue
685 780 731 823 et
763 762 1085 836 circumspecte
1116 772 1346 837 agendam
1379 778 1544 835 quibus
1576 776 1649 822 ars
1681 774 1842 823 critica
1855 774 1994 826 cordi
2026 784 2094 823 est
2126 777 2358 825 ιιᾱιιοιιο-’
2383 774 2386 801 3
2432 757 2499 818 ³23⁷

172 873 276 903 mur
305 857 344 902 si
377 856 454 914 qui
484 857 736 915 poterimus
768 862 814 901 et
844 856 1093 917 incitemus.
2256 874 2277 893 a

382 933 477 980 Sed
509 933 798 993 aggredimur
830 933 889 978 ad
918 934 1213 992 propositum.
1276 928 1492 977 Nondum
1516 938 1766 1010 persanata
1794 938 2005 991 putamus
2037 934 2194 991 verba,
2235 935 2346 996 qui-

173 1013 259 1057 bus
280 1012 475 1056 Perseus
506 1027 588 1055 rex
607 1010 912 1073 Macedomun
945 1026 1071 1056 suam
1102 1011 1200 1069 ipse
1228 1009 1534 1054 defensionem
1556 1007 1698 1069 agens
1719 1009 1765 1053 in
1788 1008 2012 1076 colloquio
2035 1025 2138 1066 cum
2157 998 2332 1071 Marcio

172 1090 385 1150 Philippo
417 1089 575 1134 habito
605 1090 749 1134 utitur
778 1089 936 1145 XLII,
958 1091 1033 1144 41,
1057 1090 1125 1133 2.
1161 1088 1327 1132 Emm
1358 1096 1521 1143 autem,
1553 1088 1712 1146 inquit,
1746 1104 1859 1147 quae
1888 1088 2051 1134 obiecta
2082 1099 2187 1135 cunt
2214 1078 2341 1156 milii,

164 1172 337 1228 Partim
368 1184 419 1212 ea
449 1178 554 1212 eunt
582 1169 738 1227 quibus
770 1163 907 1213 nescio
939 1185 1000 1212 an
1029 1169 1218 1227 qlom’ari
1247 1167 1437 1221 debeam,
1469 1167 1631 1225 partim
1660 1182 1772 1225 quae
1788 1166 1930 1222 fateri
1956 1182 2047 1212 non
2076 1170 2331 1226 erubescam,

165 1248 336 1307 partim
373 1263 486 1307 quae
521 1248 645 1291 verbo
684 1247 843 1291 obiecta
873 1248 997 1291 verbo
1029 1262 1187 1305 παραφε
1215 1247 1324 1290 satie
1353 1247 1422 1289 sit
1487 1244 1566 1291 Sic
1605 1245 1724 1290 enim
1760 1245 1876 1290 haee
1912 1245 2018 1290 inde
2058 1262 2086 1291 a
2118 1246 2335 1316 (ἧι-γρηῦ
2404 1267 2406 1269 ,

171 1325 429 1385 vulgantur,
471 1331 520 1370 at
554 1327 602 1370 in
643 1325 798 1370 codice
837 1318 921 1370 nec
961 1340 1049 1369 non
1087 1324 1252 1383 legitur
1293 1330 1338 1368 et
1372 1339 1455 1382 pro
1479 1325 1650 1383 partim
1681 1314 1821 1368 altero
1855 1323 2085 1369 scribitur
2082 1341 2167 1381 ea,
2210 1312 2335 1385 quod

173 1404 259 1449 etsi
292 1410 578 1462 corruptum,
599 1420 668 1468 ‚ex
691 1406 861 1463 partim
893 1410 1152 1461 corruptum
1186 1417 1285 1447 esse
1316 1417 1447 1446 nemo
1481 1401 1659 1457 credet,
1692 1417 1793 1467 cum
1823 1402 2089 1460 praesertim
2122 1419 2175 1448 ea
2204 1419 2333 1463 repo·
2409 1452 2415 1457 ,

171 1482 261 1526 sita
290 1497 403 1526 voce
435 1487 616 1526 maneat
648 1480 880 1526 addendae
911 1482 1096 1539 insupe'r
1125 1479 1380 1539 negationis
1412 1471 1669 1525 necessitas.
1736 1477 1888 1536 Quare
1926 1496 1982 1525 ne
2012 1479 2333 1528 Weissenbor-
2359 1499 2367 1506 ²
2417 1480 2419 1483 ’

172 1559 309 1603 nium
329 1559 509 1617 quidem
541 1559 809 1617 probamus,
847 1559 924 1617 qui
954 1559 1001 1602 in
1032 1573 1152 1601 nova
1183 1557 1397 1602 librorum
1428 1557 1548 1601 XLI
1580 1563 1625 1600 et
1654 1555 1797 1601 XLII
1828 1557 2046 1613 editione,
2079 1573 2195 1636 quae
2225 1557 2346 1612 dum>

172 1636 287 1681 baec
319 1630 556 1681 scribimus
589 1636 786 1690 affertur,
820 1636 952 1679 simul
985 1641 1030 1679 et
1060 1652 1148 1679 non
1177 1635 1445 1693 particulam
1477 1634 1642 1679 adiecit
1673 1640 1719 1679 et
1743 1637 1910 1692 partim
1932 1628 2037 1679 ante
2058 1651 2108 1680 ea
2127 1637 2332 1681 inseruit.

173 1714 274 1758 Nos
312 1715 458 1772 ipsam
498 1715 614 1758 hanc
647 1714 817 1758 codicis
850 1714 1119 1771 scripturam
1152 1714 1313 1756 leniter
1343 1711 1624 1756 inflectemus
1655 1713 1720 1756 ita
1751 1718 1802 1757 ut
1833 1714 1880 1756 in
1911 1728 2003 1757 una
2034 1714 2332 1759 subsistentes

173 1789 421 1858 mutatione
469 1798 514 1836 et
555 1792 620 1835 illi
663 1777 922 1837 testimonio
965 1791 1289 1835 satisfaciamus
1334 1796 1379 1834 et
1419 1791 1717 1851 necessariam
1759 1791 2005 1835 sententiae
2050 1791 2333 1850 negationem

171 1864 520 1915 nanciscamur?
540 1869 777 1915 scribimus
811 1869 927 1914 enim
951 1870 1120 1929 partim
1150 1885 1200 1913 ea
1231 1877 1337 1913 cunc
1365 1868 1521 1927 quibus
1551 1869 1688 1914 nescio
1720 1885 1779 1913 an
1804 1869 1994 1927 qlom'am'
2029 1869 2213 1928 debeam,
2229 1885 2333 1929 neq·

173 1963 286 2006 quae
314 1947 459 2002 saten'
492 1948 756 2002 erubescam,
790 1949 959 2005 partim
998 1961 1111 2005 quae
1148 1947 1271 1990 verbo
1309 1947 1468 1990 obiecta
1509 1946 1629 1991 verbo
1667 1961 1824 2006 neqare
1840 1949 1965 1991 ἰατὰ
1996 1949 2064 1991 eit.
2126 1948 2199 1992 Ita
2230 1962 2333 1992 cum
2458 1981 2465 1984 -«

171 2026 384 2085 bipertita
415 2015 477 2072 ex*
501 2026 747 2074 trimembri
780 2025 922 2069 oratio
956 2024 1204 2080 efficiatur,
1222 2031 1268 2068 et
1299 2041 1352 2069 ea
1382 2040 1431 2068 re
1463 2024 1711 2069 consulitur
1731 2025 1994 2081 sententiae,
2026 2025 2237 2090 quoniam
2256 2025 2334 2070 illa

170 2103 265 2152 duo
307 2110 468 2162 suapte
507 2110 670 2164 natura
709 2104 872 2147 artiore
909 2103 1090 2147 vinculo
1131 2104 1287 2161 iugata
1323 2104 1465 2147 instar
1500 2103 1633 2147 unius
1671 2109 1799 2158 sunt,
1839 2104 1911 2147 cui
1944 2118 1999 2147 ex
2031 2103 2178 2148 altera
2201 2109 2331 2163 parte
2375 2163 2377 2167 Α

173 2176 452 2241 respondent
492 2197 545 2226 ea
583 2196 698 2239 quae
729 2181 868 2226 verbo
901 2182 1079 2227 obiecta
1110 2181 1248 2241 verbo
1280 2197 1446 2241 negare
1478 2183 1584 2225 satie
1614 2183 1682 2225 eit.
1748 2181 1867 2226 Nam
1896 2188 1948 2226 ut
1978 2180 2066 2226 hoe
2098 2166 2356 2237 addamne·

99 2253 102 2256 ⁴
173 2262 281 2305 satia
318 2259 442 2318 quod
472 2260 520 2303 iu
552 2259 706 2304 codice
739 2254 1037 2314 desideratur,
1077 2265 1200 2303 recte
1232 2266 1278 2304 et
1308 2259 1562 2305 necessario
1595 2273 1694 2304 esse
1727 2257 1949 2305 adiectum
1983 2275 2219 2306 censemus
2249 2260 2333 2305 mi·
2365 2263 2370 2268 '

172 2339 415 2403 r’amurque
435 2336 857 2382 Weissenbornium
897 2338 944 2381 in
984 2353 1036 2381 eo
1078 2336 1357 2395 repudiando
1397 2336 1701 2381 additamento
1732 2353 2049 2404 2persevernre;
2091 2338 2170 2396 qui
2210 2337 2334 2396 quod

172 2416 288 2461 inter
320 2415 549 2490 exempla,
581 2415 744 2472 quibus
775 2415 908 2459 Livio
937 2416 1211 2460 locutionem
1243 2424 1306 2460 est
1333 2430 1491 2474 παραφε
1520 2411 1748 2460 vindicare
1782 2415 1968 2472 studuit,
1999 2430 2121 2460 nunc
2151 2428 2332 2484 quoque

173 2492 378 2538 Lucretii
398 2493 461 2549 H,
487 2495 542 2537 16
585 2499 631 2536 et
663 2491 851 2537 Catonis
892 2493 948 2537 de
980 2509 1029 2538 re
1060 2494 1227 2538 rustica
1258 2494 1525 2552 principium
1556 2494 1753 2549 rettulit,
1790 2492 2045 2539 fefellerunt
2074 2494 2349 2568 interpretis

151 2565 453 2640 'diligentiam
476 2582 530 2616 ea
550 2586 668 2630 quae
689 2570 746 2615 de
766 2551 924 2616 iisdem
947 2571 1266 2617 Lachmannus
1286 2570 1346 2616 ad
1366 2571 1569 2616 Lucretii
1589 2571 1654 2628 H,
1679 2572 1734 2616 16
1757 2577 1802 2617 et
1821 2563 1881 2629 V,
1904 2573 1992 2617 533
2023 2569 2219 2629 edocuit,
2251 2570 2353 2620 sed

171 2664 231 2694 ne
251 2649 426 2707 reliqua
445 2649 625 2707 quidem
648 2650 813 2707 quibus
833 2651 976 2693 utitur
996 2650 1214 2709 exempla,
1227 2650 1433 2709 Vergilii,
1449 2650 1645 2705 Horatii,
1661 2648 1843 2705 Tibulli,
1863 2650 1966 2708 plus
1986 2650 2195 2709 probant
2192 2641 2332 2708 quam
2357 2682 2358 2685 =

173 2740 265 2785 quo
296 2726 487 2785 probato
519 2728 595 2771 vix
626 2742 741 2786 opus
775 2733 886 2782 erat,
917 2728 1098 2772 licuisse
1129 2728 1214 2771 hac
1246 2733 1394 2772 aetate
1424 2728 1569 2787 poetis
1601 2730 1675 2771 σοι
1693 2742 1793 2772 cum
1823 2728 2045 2792 infinitivo
2065 2720 2334 2786 iunctum'in

172 2805 263 2852 vim
293 2805 423 2850 verbi
456 2806 550 2850 licet
579 2820 815 2864 usurpare,
845 2805 964 2850 idem
998 2821 1141 2865 genus
1174 2805 1355 2851 dicendi
1376 2805 1511 2851 Livio
1543 2805 1784 2864 placuisse,
1814 2805 1862 2850 id
1883 2820 1989 2851 vero
2011 2821 2102 2851 non
2122 2804 2333 2867 probant,
2370 2842 2373 2845 .
2422 2830 2437 2865 g
2449 2855 2499 2867 ,

153 2874 322 2941 ‘neque
360 2887 415 2927 ut
451 2883 692 2943 placuerit,
734 2883 822 2928 hoc
862 2884 1009 2943 ipsum
1052 2885 1181 2929 liceat
1210 2900 1367 2944 neqare
1399 2882 1735 2929 concedendum
1769 2890 1839 2929 est
1869 2874 2124 2943 appositum
2146 2882 2333 2930 'esse'in

171 2960 260 3009 luc
291 2961 516 3006 sententia
547 2976 665 3020 quae
696 2961 829 3005 unice
859 2962 1050 3019 requirit
1079 2963 1201 3006 verbo
1231 2963 1390 3006 obiecta
1421 2962 1543 3006 verbo
1574 2977 1731 3021 neqare
1761 2964 1867 3007 satie
1898 2965 1977 3007 sit.

322 3047 324 3049 '
383 3032 479 3084 Sed
519 3053 573 3082 ea
611 3038 755 3083 oratio
796 3051 905 3082 οιιιιι
940 3040 987 3082 ιιι
1027 3040 1234 3084 manibus
1275 3040 1355 3096 sit,
1393 3031 1725 3099 perpendemus
1764 3040 1891 3085 brevi
1932 3055 2070 3084 unum
2100 3036 2417 3104 praeterea,V

166 3114 322 3162 locum
363 3131 456 3161 non
495 3122 548 3160 ut
580 3116 868 3161 emendemus
901 3116 981 3161 sed
1012 3124 1063 3161 ut
1094 3119 1306 3163 fortasse
1317 3117 1597 3162 vindicemus
1630 3133 1657 3162 a
1689 3117 1873 3163 crimine
1902 3115 2130 3201 usumque
2155 3111 2383 3166 dicendi
